@article{abualigah2022meta,
	title        = {Meta-heuristic optimization algorithms for solving real-world mechanical engineering design problems: a comprehensive survey, applications, comparative analysis, and results},
	author       = {Abualigah, Laith and Elaziz, Mohamed Abd and Khasawneh, Ahmad M and Alshinwan, Mohammad and Ibrahim, Rehab Ali and Al-Qaness, Mohammed AA and Mirjalili, Seyedali and Sumari, Putra and Gandomi, Amir H},
	year         = 2022,
	journal      = {Neural Computing and Applications},
	publisher    = {Springer},
	pages        = {1--30}
}

@inproceedings{almeida2020rule,
	title        = {Rule-based extraction of family history information from clinical notes},
	author       = {Almeida, Jo{\~a}o Rafael and Matos, S{\'e}rgio},
	year         = 2020,
	booktitle    = {Proceedings of the 35th Annual ACM Symposium on Applied Computing},
	pages        = {670--675},
	doi          = {10.1145/3341105.3374000}
}

@article{anderson1980stratification,
	title        = {On stratification, grouping and matching},
	author       = {Anderson, Dallas W and Kish, Leslie and Cornell, Richard G},
	year         = 1980,
	journal      = {Scandinavian Journal of Statistics},
	publisher    = {JSTOR},
	pages        = {61--66}
}

@book{arnab2017survey,
	title        = {Survey sampling theory and applications},
	author       = {Arnab, Raghunath},
	year         = 2017,
	journal      = {Survey Sampling Theory and Applications},
	publisher    = {Academic Press},
	pages        = {213â€“256},
	doi          = {10.1016/b978-0-12-811848-1.00007-8}
}

@article{austin2007comparison,
	title        = {A comparison of the ability of different propensity score models to balance measured variables between treated and untreated subjects: a Monte Carlo study},
	author       = {Austin, Peter C and Grootendorst, Paul and Anderson, Geoffrey M},
	year         = 2007,
	journal      = {Statistics in medicine},
	publisher    = {Wiley Online Library},
	volume       = 26,
	number       = 4,
	pages        = {734--753}
}

@article{austin2008critical,
	title        = {A critical appraisal of propensity-score matching in the medical literature between 1996 and 2003},
	author       = {Austin, Peter C},
	year         = 2008,
	journal      = {Statistics in medicine},
	publisher    = {Wiley Online Library},
	volume       = 27,
	number       = 12,
	pages        = {2037--2049}
}

@article{austin2009balance,
	title        = {Balance diagnostics for comparing the distribution of baseline covariates between treatment groups in propensity-score matched samples},
	author       = {Austin, Peter C},
	year         = 2009,
	journal      = {Statistics in medicine},
	publisher    = {Wiley Online Library},
	volume       = 28,
	number       = 25,
	pages        = {3083--3107},
	doi          = {10.1002/sim.3697}
}

@article{austin2011comparing,
	title        = {Comparing paired vs non-paired statistical methods of analyses when making inferences about absolute risk reductions in propensity-score matched samples},
	author       = {Austin, Peter C},
	year         = 2011,
	journal      = {Statistics in medicine},
	publisher    = {Wiley Online Library},
	volume       = 30,
	number       = 11,
	pages        = {1292--1301}
}

@article{austin2011introduction,
	title        = {An introduction to propensity score methods for reducing the effects of confounding in observational studies},
	author       = {Austin, Peter C},
	year         = 2011,
	journal      = {Multivariate behavioral research},
	publisher    = {Taylor \& Francis},
	volume       = 46,
	number       = 3,
	pages        = {399--424},
	doi          = {10.1080/00273171.2011.568786}
}

@article{austin2011optimal,
	title        = {Optimal caliper widths for propensity-score matching when estimating differences in means and differences in proportions in observational studies},
	author       = {Austin, Peter C},
	year         = 2011,
	journal      = {Pharmaceutical statistics},
	publisher    = {Wiley Online Library},
	volume       = 10,
	number       = 2,
	pages        = {150--161},
	doi          = {10.1002/pst.433}
}

@article{austin2014comparison,
	title        = {A comparison of 12 algorithms for matching on the propensity score},
	author       = {Austin, Peter C},
	year         = 2014,
	journal      = {Statistics in medicine},
	publisher    = {Wiley Online Library},
	volume       = 33,
	number       = 6,
	pages        = {1057--1069}
}

@inproceedings{bao2019machine,
	title        = {Machine learning based information extraction for diabetic nephropathy in clinical text documents},
	author       = {Bao, Xiaoyuan and Xie, Shuanglian and Zhang, Kai and Song, Kai and Yang, Yunhaonan},
	year         = 2019,
	booktitle    = {2019 6th International Conference on Systems and Informatics (ICSAI)},
	pages        = {1438--1442},
	doi          = {10.1109/ICSAI48974.2019.9010211},
	organization = {IEEE}
}

@article{baser2006too,
	title        = {Too much ado about propensity score models? Comparing methods of propensity score matching},
	author       = {Baser, Onur},
	year         = 2006,
	journal      = {Value in Health},
	publisher    = {Wiley Online Library},
	volume       = 9,
	number       = 6,
	pages        = {377--385},
	doi          = {10.1111/j.1524-4733.2006.00130.x}
}

@article{behar2008effect,
	title        = {The effect of control group selection in the analysis of risk factors for extended spectrum $\beta$-lactamase-producing Klebsiella pneumoniae infections. A prospective controlled study},
	author       = {Behar, PRP and Teixeira, PJZ and Fachel, JMG and Kalil, Andre C},
	year         = 2008,
	journal      = {Journal of Hospital Infection},
	publisher    = {Elsevier},
	volume       = 68,
	number       = 2,
	pages        = {123--129}
}

@article{berry2011permutation,
	title        = {Permutation methods},
	author       = {Berry, Kenneth J and Johnston, Janis E and Mielke Jr, Paul W},
	year         = 2011,
	journal      = {Wiley Interdisciplinary Reviews: Computational Statistics},
	publisher    = {Wiley Online Library},
	volume       = 3,
	number       = 6,
	pages        = {527--542}
}

@article{biondi2011propensity,
	title        = {Are propensity scores really superior to standard multivariable analysis?},
	author       = {Biondi-Zoccai, Giuseppe and Romagnoli, Enrico and Agostoni, Pierfrancesco and Capodanno, Davide and Castagno, Davide and D'Ascenzo, Fabrizio and Sangiorgi, Giuseppe and Modena, Maria Grazia},
	year         = 2011,
	journal      = {Contemporary clinical trials},
	publisher    = {Elsevier},
	volume       = 32,
	number       = 5,
	pages        = {731--740}
}

@article{bowers2010ritools,
	title        = {RItools: Randomization inference tools},
	author       = {Bowers, Jake and Fredrickson, Mark and Hansen, Ben},
	year         = 2010,
	journal      = {R package version 0.1-11}
}

@article{brookhart2006variable,
	title        = {Variable selection for propensity score models},
	author       = {Brookhart, M Alan and Schneeweiss, Sebastian and Rothman, Kenneth J and Glynn, Robert J and Avorn, Jerry and St{\"u}rmer, Til},
	year         = 2006,
	journal      = {American journal of epidemiology},
	publisher    = {Oxford University Press},
	volume       = 163,
	number       = 12,
	pages        = {1149--1156}
}

@article{caliendo2008some,
	title        = {Some practical guidance for the implementation of propensity score matching},
	author       = {Caliendo, Marco and Kopeinig, Sabine},
	year         = 2008,
	journal      = {Journal of economic surveys},
	publisher    = {Wiley Online Library},
	volume       = 22,
	number       = 1,
	pages        = {31--72},
	doi          = {10.1111/j.1467-6419.2007.00527.x}
}

@inproceedings{carchiolo2019medical,
	title        = {Medical prescription classification: a NLP-based approach},
	author       = {Carchiolo, Viincenza and Longheu, Alessandro and Reitano, Giuseppa and Zagarella, Luca},
	year         = 2019,
	booktitle    = {2019 Federated Conference on Computer Science and Information Systems (FedCSIS)},
	pages        = {605--609},
	doi          = {10.15439/2019F197},
	organization = {IEEE}
}

@article{cavuto2006propensity,
	title        = {Propensity score for the analysis of observational data: an introduction and an illustrative example},
	author       = {Cavuto, S and Bravi, F and Grassi, MC and Apolone, Giovanni},
	year         = 2006,
	journal      = {Drug Development Research},
	publisher    = {Wiley Online Library},
	volume       = 67,
	number       = 3,
	pages        = {208--216}
}

@article{chen2022named,
	title        = {Named entity recognition of Chinese electronic medical records based on a hybrid neural network and medical MC-BERT},
	author       = {Chen, Peng and Zhang, Meng and Yu, Xiaosheng and Li, Songpu},
	year         = 2022,
	journal      = {BMC Medical Informatics and Decision Making},
	publisher    = {BioMed Central},
	volume       = 22,
	number       = 1,
	pages        = {1--13}
}

@article{chilman2021text,
	title        = {Text mining occupations from the mental health electronic health record: a natural language processing approach using records from the Clinical Record Interactive Search (CRIS) platform in south London, UK},
	author       = {Chilman, Natasha and Song, Xingyi and Roberts, Angus and Tolani, Esther and Stewart, Robert and Chui, Zoe and Birnie, Karen and Harber-Aschan, Lisa and Gazard, Billy and Chandran, David and others},
	year         = 2021,
	month        = 11,
	journal      = {BMJ open},
	publisher    = {British Medical Journal Publishing Group},
	volume       = 11,
	number       = 3,
	pages        = {e042274},
	doi          = {10.1136/bmjopen-2020-042274}
}

@article{chuang2019acute,
	title        = {Acute pancreatitis risk after kidney transplantation: Propensity score matching analysis of a national cohort},
	author       = {Chuang, Ya-Wen and Huang, Shih-Ting and Yu, Tung-Min and Li, Chi-Yuan and Chung, Mu-Chi and Lin, Cheng-Li and Chang, Chi-Sen and Wu, Ming-Ju and Kao, Chia-Hung},
	year         = 2019,
	journal      = {PloS one},
	publisher    = {Public Library of Science San Francisco, CA USA},
	volume       = 14,
	number       = 9,
	pages        = {e0222169}
}

@article{cochran1973controlling,
	title        = {Controlling bias in observational studies: A review},
	author       = {Cochran, William G and Rubin, Donald B},
	year         = 1973,
	journal      = {Sankhy{\=a}: The Indian Journal of Statistics, Series A},
	publisher    = {JSTOR},
	pages        = {417--446}
}

@article{cohen2019accuracy,
	title        = {Accuracy of claim data in the identification and classification of adults with congenital heart diseases in electronic medical records},
	author       = {Cohen, Sarah and Jannot, Anne-Sophie and Iserin, Laurence and Bonnet, Damien and Burgun, Anita and Escudi{\'e}, Jean-Baptiste},
	year         = 2019,
	journal      = {Archives of cardiovascular diseases},
	publisher    = {Elsevier},
	volume       = 112,
	number       = 1,
	pages        = {31--43},
	doi          = {10.1016/j.acvd.2018.07.002}
}

@article{cushman2017exchange,
	title        = {Exchange rate regimes and FDI in developing countries: A propensity score matching approach},
	author       = {Cushman, David O and De Vita, Glauco},
	year         = 2017,
	journal      = {Journal of International Money and Finance},
	publisher    = {Elsevier},
	volume       = 77,
	pages        = {143--163}
}

@inproceedings{dai2017social,
	title        = {From social media to public health surveillance: Word embedding based clustering method for twitter classification},
	author       = {Dai, Xiangfeng and Bikdash, Marwan and Meyer, Bradley},
	year         = 2017,
	booktitle    = {SoutheastCon 2017},
	pages        = {1--7},
	organization = {IEEE}
}

@article{dehejia2002propensity,
	title        = {Propensity score-matching methods for nonexperimental causal studies},
	author       = {Dehejia, Rajeev H and Wahba, Sadek},
	year         = 2002,
	journal      = {Review of Economics and statistics},
	publisher    = {MIT Press 238 Main St., Suite 500, Cambridge, MA 02142-1046, USA journals~\ldots{}},
	volume       = 84,
	number       = 1,
	pages        = {151--161}
}

@article{donnelly2006snomed,
	title        = {{SNOMED-CT}: {T}he advanced terminology and coding system for e{H}ealth},
	author       = {Donnelly, Kevin and others},
	year         = 2006,
	journal      = {Studies in Health Technology and Informatics},
	publisher    = {IOS Press; 1999},
	volume       = 121,
	pages        = 279
}

@article{elze2017comparison,
	title        = {Comparison of propensity score methods and covariate adjustment: evaluation in 4 cardiovascular studies},
	author       = {Elze, Markus C and Gregson, John and Baber, Usman and Williamson, Elizabeth and Sartori, Samantha and Mehran, Roxana and Nichols, Melissa and Stone, Gregg W and Pocock, Stuart J},
	year         = 2017,
	journal      = {Journal of the American College of Cardiology},
	publisher    = {American College of Cardiology Foundation Washington, DC},
	volume       = 69,
	number       = 3,
	pages        = {345--357}
}

@article{fasano1987multidimensional,
	title        = {A multidimensional version of the Kolmogorov--Smirnov test},
	author       = {Fasano, Giovanni and Franceschini, Alberto},
	year         = 1987,
	journal      = {Monthly Notices of the Royal Astronomical Society},
	publisher    = {The Royal Astronomical Society},
	volume       = 225,
	number       = 1,
	pages        = {155--170},
	doi          = {10.1093/mnras/225.1.155}
}

@article{friedman2007anomaly,
	title        = {Anomaly detection in web documents using crisp and fuzzy-based cosine clustering methodology},
	author       = {Friedman, Menahem and Last, Mark and Makover, Yaniv and Kandel, Abraham},
	year         = 2007,
	journal      = {Information sciences},
	publisher    = {Elsevier},
	volume       = 177,
	number       = 2,
	pages        = {467--475}
}

@article{fu2020extracting,
	title        = {Extracting and classifying diagnosis dates from clinical notes: a case study},
	author       = {Fu, Julia T and Sholle, Evan and Krichevsky, Spencer and Scandura, Joseph and Campion, Thomas R},
	year         = 2020,
	journal      = {Journal of Biomedical Informatics},
	publisher    = {Elsevier},
	volume       = 110,
	pages        = 103569,
	doi          = {10.1016/j.jbi.2020.103569}
}

@article{garvin2012automated,
	title        = {Automated extraction of ejection fraction for quality measurement using regular expressions in Unstructured Information Management Architecture (UIMA) for heart failure},
	author       = {Garvin, Jennifer H and DuVall, Scott L and South, Brett R and Bray, Bruce E and Bolton, Daniel and Heavirland, Julia and Pickard, Steve and Heidenreich, Paul and Shen, Shuying and Weir, Charlene and others},
	year         = 2012,
	month        = {03},
	journal      = {Journal of the American Medical Informatics Association},
	publisher    = {BMJ Group BMA House, Tavistock Square, London, WC1H 9JR},
	volume       = 19,
	number       = 5,
	pages        = {859--866},
	doi          = {10.1136/amiajnl-2011-000535},
	issn         = {1067-5027}
}

@inproceedings{grishman1996message,
	title        = {Message understanding conference-6: A brief history},
	author       = {Grishman, Ralph and Sundheim, Beth M},
	year         = 1996,
	booktitle    = {COLING 1996 Volume 1: The 16th International Conference on Computational Linguistics},
	pages        = {466--471},
	doi          = {10.3115/992628.992709}
}

@book{hankin2019sampling,
	title        = {Sampling theory: For the ecological and natural resource sciences},
	author       = {Hankin, David and Mohr, Michael S and Newman, Kenneth B},
	year         = 2019,
	journal      = {Sampling Theory},
	publisher    = {Oxford University Press, USA},
	pages        = {68â€“91},
	doi          = {10.1093/oso/9780198815792.003.0005}
}

@article{harris2002control,
	title        = {Control-Group Selection Importance in Studies of Antimicrobial Resistance: Examples Applied to Pseudomonas aeruginosa, Enterococci, and Escherichia coli},
	author       = {Harris, Anthony D. and Samore, Matthew H. and Lipsitch, Marc and Kaye, Keith S. and Perencevich, Eli and Carmeli, Yehuda},
	year         = 2002,
	month        = {06},
	journal      = {Clinical Infectious Diseases},
	volume       = 34,
	number       = 12,
	pages        = {1558--1563},
	doi          = {10.1086/340533},
	issn         = {1058-4838},
	url          = {https://doi.org/10.1086/340533},
	eprint       = {http://oup.prod.sis.lan/cid/article-pdf/34/12/1558/997215/34-12-1558.pdf}
}

@article{he2021optimal,
	title        = {Optimal treatment regimes for competing risk data using doubly robust outcome weighted learning with bi-level variable selection},
	author       = {He, Yizeng and Kim, Soyoung and Kim, Mi-Ok and Saber, Wael and Ahn, Kwang Woo},
	year         = 2021,
	journal      = {Computational Statistics \& Data Analysis},
	publisher    = {Elsevier},
	volume       = 158,
	pages        = 107167,
	doi          = {10.1016/j.csda.2021.107167}
}

@book{horton2011encyclopaedic,
	title        = {Encyclopaedic companion to medical statistics},
	author       = {Horton, Robert},
	year         = 2011,
	publisher    = {John Wiley \& Sons}
}

@article{hotelling1931generalization,
	title        = {The Generalization of Student's Ratio},
	author       = {Hotelling, Harold},
	year         = 1931,
	month        = {08},
	journal      = {Ann. Math. Statist.},
	publisher    = {The Institute of Mathematical Statistics},
	volume       = 2,
	number       = 3,
	pages        = {360--378},
	doi          = {10.1214/aoms/1177732979},
	url          = {https://doi.org/10.1214/aoms/1177732979},
	fjournal     = {The Annals of Mathematical Statistics}
}

@article{hwang2018rethinking,
	title        = {Rethinking early elementary grade retention: Examining long-term academic and psychosocial outcomes},
	author       = {Hwang, Sophia HJ and Cappella, Elise},
	year         = 2018,
	journal      = {Journal of Research on Educational Effectiveness},
	publisher    = {Taylor \& Francis},
	volume       = 11,
	number       = 4,
	pages        = {559--587}
}

@article{iwagami2022introduction,
	title        = {Introduction to matching in case-control and cohort studies},
	author       = {Iwagami, Masao and Shinozaki, Tomohiro},
	year         = 2022,
	journal      = {Annals of Clinical Epidemiology},
	publisher    = {Society for Clinical Epidemiology},
	volume       = 4,
	number       = 2,
	pages        = {33--40}
}

@book{jain1988algorithms,
	title        = {Algorithms for clustering data},
	author       = {Jain, Anil K and Dubes, Richard C},
	year         = 1988,
	publisher    = {Prentice-Hall, Inc.}
}

@article{jewell1985least,
	title        = {Least Squares Regression with Data Arising from Stratified Samples of the Dependent Variable},
	author       = {Jewell, Nicholas P.},
	year         = 1985,
	journal      = {Biometrika},
	volume       = 72,
	number       = 1,
	pages        = 11,
	doi          = {10.2307/2336330}
}

@article{jonnalagadda2017text,
	title        = {Text mining of the electronic health record: an information extraction approach for automated identification and subphenotyping of HFpEF patients for clinical trials},
	author       = {Jonnalagadda, Siddhartha R and Adupa, Abhishek K and Garg, Ravi P and Corona-Cox, Jessica and Shah, Sanjiv J},
	year         = 2017,
	month        = {06},
	journal      = {Journal of cardiovascular translational research},
	publisher    = {Springer},
	volume       = 10,
	number       = 3,
	pages        = {313--321},
	doi          = {10.1007/s12265-017-9752-2}
}

@article{kaspar2019information,
	title        = {Information extraction from echocardiography reports for a clinical follow-up study--comparison of extracted variables intended for general use in a data warehouse with those intended specifically for the study},
	author       = {Kaspar, Mathias and Morbach, Caroline and Fette, Georg and Ertl, Maximilian and Seidlmayer, Lea K and Krebs, Jonathan and Dietrich, Georg and Liman, Leon and Puppe, Frank and St{\"o}rk, Stefan},
	year         = 2019,
	journal      = {Methods of Information in Medicine},
	publisher    = {Georg Thieme Verlag KG},
	volume       = 58,
	number       = {04/05},
	pages        = {140--150},
	doi          = {10.1055/s-0039-3402069}
}

@article{kim2017extraction,
	title        = {Extraction of left ventricular ejection fraction information from various types of clinical reports},
	author       = {Kim, Youngjun and Garvin, Jennifer H and Goldstein, Mary K and Hwang, Tammy S and Redd, Andrew and Bolton, Dan and Heidenreich, Paul A and Meystre, St{\'e}phane M},
	year         = 2017,
	journal      = {Journal of biomedical informatics},
	publisher    = {Elsevier},
	volume       = 67,
	pages        = {42--48},
	doi          = {10.1016/j.jbi.2017.01.017},
	issn         = {1532-0464}
}

@article{king2019propensity,
	title        = {Why propensity scores should not be used for matching},
	author       = {King, Gary and Nielsen, Richard},
	year         = 2019,
	journal      = {Political analysis},
	publisher    = {Cambridge University Press},
	volume       = 27,
	number       = 4,
	pages        = {435--454}
}

@book{koepsell2014epidemiologic,
	title        = {Epidemiologic methods: studying the occurrence of illness},
	author       = {Koepsell, Thomas D and Weiss, Noel S},
	year         = 2014,
	publisher    = {Oxford University Press, USA},
	doi          = {10.1093/med/9780195314465.001.0001}
}

@article{kolmogorov1933sulla,
	title        = {Sulla determinazione empirica di una legge didistribuzione},
	author       = {Kolmogorov, Andrej N},
	year         = 1933,
	journal      = {Giorn Dell'inst Ital Degli Att},
	volume       = 4,
	pages        = {89--91}
}

@article{kormilitzin2021med7,
	title        = {Med7: A transferable clinical natural language processing model for electronic health records},
	author       = {Kormilitzin, Andrey and Vaci, Nemanja and Liu, Qiang and Nevado-Holgado, Alejo},
	year         = 2021,
	journal      = {Artificial Intelligence in Medicine},
	publisher    = {Elsevier},
	volume       = 118,
	pages        = 102086,
	doi          = {10.1016/j.artmed.2021.102086}
}

@article{kraljevic2021multi,
	title        = {Multi-domain clinical natural language processing with MedCAT: the medical concept annotation toolkit},
	author       = {Kraljevic, Zeljko and Searle, Thomas and Shek, Anthony and Roguski, Lukasz and Noor, Kawsar and Bean, Daniel and Mascio, Aurelie and Zhu, Leilei and Folarin, Amos A and Roberts, Angus and others},
	year         = 2021,
	journal      = {Artificial intelligence in medicine},
	publisher    = {Elsevier},
	volume       = 117,
	pages        = 102083,
	doi          = {10.1016/j.artmed.2021.102083}
}

@article{krauthammer2004term,
	title        = {Term identification in the biomedical literature},
	author       = {Krauthammer, Michael and Nenadic, Goran},
	year         = 2004,
	journal      = {Journal of biomedical informatics},
	publisher    = {Elsevier},
	volume       = 37,
	number       = 6,
	pages        = {512--526}
}

@article{lavalley2008logistic,
	title        = {Logistic regression},
	author       = {LaValley, Michael P},
	year         = 2008,
	journal      = {Circulation},
	publisher    = {Am Heart Assoc},
	volume       = 117,
	number       = 18,
	pages        = {2395--2399}
}

@article{lee2010improving,
	title        = {Improving propensity score weighting using machine learning},
	author       = {Lee, Brian K and Lessler, Justin and Stuart, Elizabeth A},
	year         = 2010,
	journal      = {Statistics in medicine},
	publisher    = {Wiley Online Library},
	volume       = 29,
	number       = 3,
	pages        = {337--346}
}

@article{lee2011weight,
	title        = {Weight trimming and propensity score weighting},
	author       = {Lee, Brian K and Lessler, Justin and Stuart, Elizabeth A},
	year         = 2011,
	journal      = {PloS one},
	publisher    = {Public Library of Science San Francisco, USA},
	volume       = 6,
	number       = 3,
	pages        = {e18174}
}

@article{lee2013propensity,
	title        = {Propensity score matching and variations on the balancing test},
	author       = {Lee, Wang-Sheng},
	year         = 2013,
	journal      = {Empirical economics},
	publisher    = {Springer},
	volume       = 44,
	pages        = {47--80}
}

@book{lee2016matching,
	title        = {Matching, regression discontinuity, difference in differences, and beyond},
	author       = {Lee, Myoung-jae},
	year         = 2016,
	publisher    = {Oxford University Press}
}

@article{li2022entity,
	title        = {Entity recognition of Chinese medical text based on multi-head self-attention combined with BILSTM-CRF},
	author       = {Li, Chaofan and Ma, Kai},
	year         = 2022,
	journal      = {Mathematical Biosciences and Engineering},
	publisher    = {AIMS Press},
	volume       = 19,
	number       = 3,
	pages        = {2206--2218}
}

@book{lonardi2010string,
	title        = {String processing and information retrieval},
	author       = {Lonardi, Stefano},
	year         = 2010,
	publisher    = {Springer}
}

@article{lopez2020covid,
	title        = {COVID-19 detection in radiological text reports integrating entity recognition},
	author       = {L{\'o}pez-{\'U}beda, Pilar and D{\'\i}az-Galiano, Manuel Carlos and Mart{\'\i}n-Noguerol, Teodoro and Luna, Antonio and Ure{\~n}a-L{\'o}pez, L Alfonso and Mart{\'\i}n-Valdivia, M Teresa},
	year         = 2020,
	journal      = {Computers in Biology and Medicine},
	publisher    = {Elsevier},
	volume       = 127,
	pages        = 104066,
	doi          = {10.1016/j.compbiomed.2020.104066}
}

@article{macfarland2016mann,
	title        = {Mann--whitney u test},
	author       = {MacFarland, Thomas W and Yates, Jan M and MacFarland, Thomas W and Yates, Jan M},
	year         = 2016,
	journal      = {Introduction to nonparametric statistics for the biological sciences using R},
	publisher    = {Springer},
	pages        = {103--132}
}

@article{mansournia2018case,
	title        = {Case--control matching: effects, misconceptions, and recommendations},
	author       = {Mansournia, Mohammad Ali and Jewell, Nicholas Patrick and Greenland, Sander},
	year         = 2018,
	journal      = {European journal of epidemiology},
	publisher    = {Springer},
	volume       = 33,
	pages        = {5--14}
}

@article{mccaffrey2004propensity,
	title        = {Propensity score estimation with boosted regression for evaluating causal effects in observational studies.},
	author       = {McCaffrey, Daniel F and Ridgeway, Greg and Morral, Andrew R},
	year         = 2004,
	journal      = {Psychological methods},
	publisher    = {American Psychological Association},
	volume       = 9,
	number       = 4,
	pages        = 403
}

@article{mcknight2010mann,
	title        = {Mann-Whitney U Test},
	author       = {McKnight, Patrick E and Najab, Julius},
	year         = 2010,
	journal      = {The Corsini encyclopedia of psychology},
	publisher    = {Wiley Online Library},
	pages        = {1--1}
}

@book{mielke2007permutation,
	title        = {Permutation methods: a distance function approach},
	author       = {Mielke, Paul W and Berry, Kenneth J},
	year         = 2007,
	publisher    = {Springer}
}

@article{mikolov2013distributed,
	title        = {Distributed representations of words and phrases and their compositionality},
	author       = {Mikolov, Tomas and Sutskever, Ilya and Chen, Kai and Corrado, Greg S and Dean, Jeff},
	year         = 2013,
	journal      = {Advances in neural information processing systems},
	volume       = 26
}

@article{miller2009levenshtein,
	title        = {Levenshtein Distance: Information Theory},
	author       = {Miller, Frederic P and Vandome, Agnes F and McBrewster, John},
	year         = 2009,
	journal      = {Computer science, String (computer science), String metric, Damerau},
	pages        = 27
}

@article{moser2019out,
	title        = {Out of control? Managing baseline variability in experimental studies with control groups},
	author       = {Moser, Paul},
	year         = 2019,
	journal      = {Good Research Practice in Non-Clinical Pharmacology and Biomedicine},
	publisher    = {Handbook of Experimental Pharmacology},
	volume       = 257
}

@article{park2013test,
	title        = {A test for the mean vector in large dimension and small samples},
	author       = {Park, Junyong and Ayyala, Deepak Nag},
	year         = 2013,
	journal      = {Journal of Statistical Planning and Inference},
	publisher    = {Elsevier},
	volume       = 143,
	number       = 5,
	pages        = {929--943},
	doi          = {https://doi.org/10.1016/j.jspi.2012.11.001},
	issn         = {0378-3758},
	url          = {http://www.sciencedirect.com/science/article/pii/S0378375812003424},
	keywords     = {Asymptotic distribution, High dimension, Testing mean vector, Scalar transform invariant test}
}

@article{patterson2017unlocking,
	title        = {Unlocking echocardiogram measurements for heart disease research through natural language processing},
	author       = {Patterson, Olga V and Freiberg, Matthew S and Skanderson, Melissa and J Fodeh, Samah and Brandt, Cynthia A and DuVall, Scott L},
	year         = 2017,
	month        = {06},
	journal      = {BMC cardiovascular disorders},
	publisher    = {BioMed Central},
	volume       = 17,
	number       = 1,
	pages        = {1--11},
	doi          = {10.1186/s12872-017-0580-8}
}

@article{pearl2009remarks,
	title        = {Remarks on the method of propensity score.},
	author       = {Pearl, J},
	year         = 2009,
	journal      = {Statistics in medicine},
	volume       = 28,
	number       = 9,
	pages        = {1415--6}
}

@article{pearson1900x,
	title        = {X. On the criterion that a given system of deviations from the probable in the case of a correlated system of variables is such that it can be reasonably supposed to have arisen from random sampling},
	author       = {Pearson, Karl},
	year         = 1900,
	journal      = {The London, Edinburgh, and Dublin Philosophical Magazine and Journal of Science},
	publisher    = {Taylor \& Francis},
	volume       = 50,
	number       = 302,
	pages        = {157--175}
}

@article{peel2009propensity,
	title        = {Propensity score matching in accounting research and Rosenbaum bounds analysis for confounding variables},
	author       = {Peel, Michael J and Makepeace, Gerry},
	year         = 2009,
	journal      = {Available at SSRN 1485734}
}

@article{pell2008selection,
	title        = {Selection of the control group for VBM analysis: influence of covariates, matching and sample size},
	author       = {Pell, Gaby S and Briellmann, Regula S and Chan, Chow Huat Patrick and Pardoe, Heath and Abbott, David F and Jackson, Graeme D},
	year         = 2008,
	journal      = {Neuroimage},
	publisher    = {Elsevier},
	volume       = 41,
	number       = 4,
	pages        = {1324--1335}
}

@article{percha2021modern,
	title        = {Modern clinical text mining: a guide and review},
	author       = {Percha, Bethany},
	year         = 2021,
	journal      = {Annual review of biomedical data science},
	publisher    = {Annual Reviews},
	volume       = 4,
	pages        = {165--187},
	doi          = {10.1146/annurev-biodatasci-030421-030931}
}

@article{pickvance2001four,
	title        = {Four varieties of comparative analysis},
	author       = {Pickvance, Christopher G},
	year         = 2001,
	journal      = {Journal of Housing and the Built Environment},
	publisher    = {Springer},
	volume       = 16,
	number       = 1,
	pages        = {7--28},
	doi          = {10.2307/41107161},
	issn         = {15664910, 15737772},
	url          = {http://www.jstor.org/stable/41107161},
	urldate      = {2023-05-30}
}

@inproceedings{piskorski2007string,
	title        = {String distance metrics for reference matching and search query correction},
	author       = {Piskorski, Jakub and Sydow, Marcin},
	year         = 2007,
	booktitle    = {Business Information Systems: 10th International Conference, BIS 2007, Poznan, Poland, April 25-27, 2007. Proceedings 10},
	pages        = {353--365},
	doi          = {10.1007/978-3-540-72035-5\_27},
	organization = {Springer}
}

@incollection{rasoolimanesh2023guideline,
	title        = {Guideline for Application of fuzzy-set Qualitative Comparative Analysis (fsQCA) in Tourism and Hospitality Studies},
	author       = {Rasoolimanesh, S Mostafa and Valaei, Naser and Rezaei, Sajad},
	year         = 2023,
	booktitle    = {Cutting Edge Research Methods in Hospitality and Tourism},
	publisher    = {Emerald Publishing Limited},
	pages        = {137--156}
}

@article{renganathan2017text,
	title        = {Text mining in biomedical domain with emphasis on document clustering},
	author       = {Renganathan, Vinaitheerthan},
	year         = 2017,
	journal      = {Healthcare informatics research},
	publisher    = {Korean Society of Medical Informatics},
	volume       = 23,
	number       = 3,
	pages        = {141--146}
}

@article{ripollone2018implications,
	title        = {Implications of the propensity score matching paradox in pharmacoepidemiology},
	author       = {Ripollone, John E and Huybrechts, Krista F and Rothman, Kenneth J and Ferguson, Ryan E and Franklin, Jessica M},
	year         = 2018,
	journal      = {American journal of epidemiology},
	publisher    = {Oxford University Press},
	volume       = 187,
	number       = 9,
	pages        = {1951--1961}
}

@article{rosenbaum1983central,
	title        = {The central role of the propensity score in observational studies for causal effects},
	author       = {Rosenbaum, Paul R and Rubin, Donald B},
	year         = 1983,
	journal      = {Biometrika},
	publisher    = {Oxford University Press},
	volume       = 70,
	number       = 1,
	pages        = {41--55},
	doi          = {10.1093/biomet/70.1.41},
	url          = {http://dx.doi.org/10.1093/biomet/70.1.41},
	eprint       = {/oup/backfile/content\_public/journal/biomet/70/1/10.1093/biomet/70.1.41/2/70-1-41.pdf}
}

@book{rosenbaum2002overt,
	title        = {Overt bias in observational studies},
	author       = {Rosenbaum, Paul R and Rosenbaum, Paul R},
	year         = 2002,
	publisher    = {Springer}
}

@article{rosenbaum2005exact,
	title        = {An exact distribution-free test comparing two multivariate distributions based on adjacency},
	author       = {Rosenbaum, Paul R},
	year         = 2005,
	journal      = {Journal of the Royal Statistical Society: Series B (Statistical Methodology)},
	publisher    = {Wiley Online Library},
	volume       = 67,
	number       = 4,
	pages        = {515--530}
}

@book{rosenbaum2010design,
	title        = {Design of observational studies},
	author       = {Rosenbaum, Paul R and Rosenbaum, P and Briskman},
	year         = 2010,
	publisher    = {Springer},
	volume       = 10
}

@article{rosholm2019bridging,
	title        = {Bridging the gap from welfare to education: Propensity score matching evaluation of a bridging intervention},
	author       = {Rosholm, Michael and Mikkelsen, Mai Bj{\o}rnskov and Svarer, Michael},
	year         = 2019,
	journal      = {Plos One},
	publisher    = {Public Library of Science San Francisco, CA USA},
	volume       = 14,
	number       = 5,
	pages        = {e0216200}
}

@article{rubin1976multivariate,
	title        = {Multivariate matching methods that are equal percent bias reducing, I: Some examples},
	author       = {Rubin, Donald B},
	year         = 1976,
	journal      = {Biometrics},
	publisher    = {JSTOR},
	pages        = {109--120}
}

@article{rubin1980bias,
	title        = {Bias reduction using Mahalanobis-metric matching},
	author       = {Rubin, Donald B},
	year         = 1980,
	journal      = {Biometrics},
	publisher    = {JSTOR},
	pages        = {293--298}
}

@book{rubin2006matched,
	title        = {Matched sampling for causal effects},
	author       = {Rubin, Donald B},
	year         = 2006,
	publisher    = {Cambridge University Press}
}

@article{rudas2018linear,
	title        = {Linear regression for uplift modeling},
	author       = {Ruda{\'s}, Krzysztof and Jaroszewicz, Szymon},
	year         = 2018,
	journal      = {Data Mining and Knowledge Discovery},
	publisher    = {Springer},
	volume       = 32,
	pages        = {1275--1305}
}

@inproceedings{sahu2018rule,
	title        = {Rule-based method for automatic medical concept extraction from unstructured clinical text},
	author       = {Sahu, Ruchi},
	year         = 2018,
	booktitle    = {Recent Findings in Intelligent Computing Techniques: Proceedings of the 5th ICACNI 2017, Volume 3},
	publisher    = {Springer},
	pages        = {261--267},
	doi          = {10.1007/978-981-10-8633-5\_27},
	organization = {Springer}
}

@article{setoguchi2008evaluating,
	title        = {Evaluating uses of data mining techniques in propensity score estimation: a simulation study},
	author       = {Setoguchi, Soko and Schneeweiss, Sebastian and Brookhart, M Alan and Glynn, Robert J and Cook, E Francis},
	year         = 2008,
	journal      = {Pharmacoepidemiology and drug safety},
	publisher    = {Wiley Online Library},
	volume       = 17,
	number       = 6,
	pages        = {546--555}
}

@article{shi2021communication,
	title        = {Communication-efficient distributed M-estimation with missing data},
	author       = {Shi, Jianwei and Qin, Guoyou and Zhu, Huichen and Zhu, Zhongyi},
	year         = 2021,
	journal      = {Computational Statistics \& Data Analysis},
	publisher    = {Elsevier},
	pages        = 107251,
	doi          = {10.1016/j.csda.2021.107251}
}

@article{shin2015comparative,
	title        = {A comparative study of laparoscopic vs open distal pancreatectomy for left-sided ductal adenocarcinoma: a propensity score-matched analysis},
	author       = {Shin, Sang Hyun and Kim, Song Cheol and Song, Ki Byung and Hwang, Dae Wook and Lee, Jae Hoon and Lee, Dongjoo and Lee, Jung Woo and Jun, Eunsung and Park, Kwang-Min and Lee, Young-Joo},
	year         = 2015,
	journal      = {Journal of the American College of Surgeons},
	publisher    = {Elsevier},
	volume       = 220,
	number       = 2,
	pages        = {177--185}
}

@article{shipman2017propensity,
	title        = {Propensity score matching in accounting research},
	author       = {Shipman, Jonathan E and Swanquist, Quinn T and Whited, Robert L},
	year         = 2017,
	journal      = {The Accounting Review},
	publisher    = {American Accounting Association},
	volume       = 92,
	number       = 1,
	pages        = {213--244}
}

@article{singh2003stratified,
	title        = {Stratified and post-stratified sampling},
	author       = {Singh, Sarjinder and Singh, Sarjinder},
	year         = 2003,
	journal      = {Advanced Sampling Theory with Applications: How Michael `selected'Amy Volume I},
	publisher    = {Springer},
	pages        = {649--764},
	doi          = {10.1007/978-94-007-0789-4\_8}
}

@article{slater2021fast,
	title        = {A fast, accurate, and generalisable heuristic-based negation detection algorithm for clinical text},
	author       = {Slater, Luke T and Bradlow, William and Motti, Dino FA and Hoehndorf, Robert and Ball, Simon and Gkoutos, Georgios V},
	year         = 2021,
	journal      = {Computers in biology and medicine},
	publisher    = {Elsevier},
	volume       = 130,
	pages        = 104216,
	doi          = {10.1016/j.compbiomed.2021.104216}
}

@article{smirnov1948table,
	title        = {Table for estimating the goodness of fit of empirical distributions},
	author       = {Smirnov, Nickolay},
	year         = 1948,
	journal      = {The annals of mathematical statistics},
	publisher    = {Institute of Mathematical Statistics},
	volume       = 19,
	number       = 2,
	pages        = {279--281}
}

@article{song2010observational,
	title        = {Observational studies: cohort and case-control studies},
	author       = {Song, Jae W and Chung, Kevin C},
	year         = 2010,
	journal      = {Plastic and reconstructive surgery},
	publisher    = {NIH Public Access},
	volume       = 126,
	number       = 6,
	pages        = 2234,
	doi          = {10.1097/prs.0b013e3181f44abc}
}

@article{spasic2020clinical,
	title        = {Clinical text data in machine learning: systematic review},
	author       = {Spasic, Irena and Nenadic, Goran and others},
	year         = 2020,
	journal      = {JMIR medical informatics},
	publisher    = {JMIR Publications Inc., Toronto, Canada},
	volume       = 8,
	number       = 3,
	pages        = {e17984},
	doi          = {10.2196/17984}
}

@article{srivastava2013two,
	title        = {A two sample test in high dimensional data},
	author       = {Srivastava, Muni S and Katayama, Shota and Kano, Yutaka},
	year         = 2013,
	journal      = {Journal of Multivariate Analysis},
	publisher    = {Elsevier},
	volume       = 114,
	pages        = {349--358},
	doi          = {https://doi.org/10.1016/j.jmva.2012.08.014},
	issn         = {0047-259X},
	url          = {http://www.sciencedirect.com/science/article/pii/S0047259X12002126},
	keywords     = {High-dimensional data, Hypothesis testing, Behrensâ€“Fisher problem, Asymptotic theory}
}

@article{stuart2010matching,
	title        = {Matching methods for causal inference: A review and a look forward},
	author       = {Stuart, Elizabeth A},
	year         = 2010,
	journal      = {Statistical science: a review journal of the Institute of Mathematical Statistics},
	publisher    = {NIH Public Access},
	volume       = 25,
	number       = 1,
	pages        = 1
}

@article{student1908probable,
	title        = {The probable error of a mean},
	author       = {Student},
	year         = 1908,
	journal      = {Biometrika},
	publisher    = {Oxford University Press},
	volume       = 6,
	number       = 1,
	pages        = {1--25}
}

@article{sun2018data,
	title        = {Data processing and text mining technologies on electronic medical records: a review},
	author       = {Sun, Wencheng and Cai, Zhiping and Li, Yangyang and Liu, Fang and Fang, Shengqun and Wang, Guoyan},
	year         = 2018,
	journal      = {Journal of healthcare engineering},
	publisher    = {Hindawi},
	volume       = 2018,
	doi          = {10.1155/2018/4302425}
}

@conference{szeker2016kontrollcsoport,
	title        = {Kontrollcsoport-gener\'{a}l\'{a}si lehet\H{o}s\'{e}gek retrospekt\'{\i}v eg\'{e}szs\'{e}g\"{u}gyi vizsg\'{a}latokhoz},
	author       = {Szek{\'e}r, Szabolcs and Fogarassyn{\'e} Vathy, {\'A}gnes},
	year         = 2016,
	booktitle    = {Neumann Kollokvium konferenciakiadv\'{a}nya, Orvosi Informatika},
	pages        = 146
}

@inproceedings{szeker2017comparison,
	title        = {Comparison of Control Group Generating Methods.},
	author       = {Szek{\'e}r, Szabolcs and Fogarassy, Gy{\"o}rgy and Vathy-Fogarassy, {\'A}gnes},
	year         = 2017,
	booktitle    = {eHealth},
	pages        = {311--318}
}

@inproceedings{szeker2018effect,
	title        = {The Effect of Latent Binary Variables on the Uncertainty of the Prediction of a Dichotomous Outcome Using Logistic Regression Based Propensity Score Matching.},
	author       = {Szek{\'e}r, Szabolcs and Vathy-Fogarassy, {\'A}gnes},
	year         = 2018,
	booktitle    = {eHealth},
	pages        = {1--8}
}

@inproceedings{szeker2018measuring,
	title        = {Measuring the similarity of two cohorts in the n-dimensional space},
	author       = {Szek{\'e}r, Szabolcs and Vathy-Fogarassy, {\'A}gnes},
	year         = 2018,
	booktitle    = {THE 11TH CONFERENCE OF PHD STUDENTS IN COMPUTER SCIENCE},
	pages        = 151
}

@inproceedings{szeker2019application,
	title        = {Application of Named Entity Recognition Methods to Extract Information from Echocardiography Reports.},
	author       = {Szek{\'e}r, Szabolcs and Fogarassy, Gy{\"o}rgy and Machalik, K{\'a}roly and Vathy-Fogarassy, {\'A}gnes},
	year         = 2019,
	booktitle    = {dHealth},
	pages        = {41--48}
}

@inproceedings{szeker2019application2,
	title        = {Application of Text Mining Methods on Unstructured Hungarian Echocardiogram Documents},
	author       = {Szek{\'e}r, Szabolcs and Vathy-Fogarassy, {\'A}gnes},
	year         = 2019,
	booktitle    = {Pannonian Conference on Advances in Information Technology (PCIT 2019)},
	pages        = 187
}

@inproceedings{szeker2019can,
	title        = {How Can the Similarity of the Case and Control Groups be Measured in Case-Control Studies?},
	author       = {Szek{\'e}r, Szabolcs and Vathy-Fogarassy, Agnes},
	year         = 2019,
	booktitle    = {2019 IEEE International Work Conference on Bioinspired Intelligence (IWOBI)},
	pages        = {000033--000040},
	organization = {IEEE}
}

@article{szeker2020weighted,
	title        = {Weighted nearest neighbours-based control group selection method for observational studies},
	author       = {Szek{\'e}r, Szabolcs and Vathy-Fogarassy, {\'A}gnes},
	year         = 2020,
	month        = {07},
	journal      = {Plos One},
	publisher    = {Public Library of Science San Francisco, CA USA},
	volume       = 15,
	number       = 7,
	pages        = {e0236531},
	doi          = {10.1371/journal.pone.0236531}
}

@article{szeker2021optimized,
	title        = {Optimized Weighted Nearest Neighbours Matching Algorithm for Control Group Selection},
	author       = {Szek{\'e}r, Szabolcs and Vathy-Fogarassy, {\'A}gnes},
	year         = 2021,
	journal      = {Algorithms},
	publisher    = {Multidisciplinary Digital Publishing Institute},
	volume       = 14,
	number       = 12,
	pages        = 356,
	doi          = {https://www.mdpi.com/1999-4893/14/12/356}
}

@article{szeker2023general,
	title        = {A general text mining method to extract echocardiography measurement results from echocardiography documents},
	author       = {Szek{\'e}r, Szabolcs and Fogarassy, Gy{\"o}rgy and Vathy-Fogarassy, {\'A}gnes},
	year         = 2023,
	journal      = {Artificial Intelligence in Medicine},
	publisher    = {Elsevier},
	volume       = 143,
	pages        = 102584,
	doi          = {10.1016/j.artmed.2023.102584}
}

@article{thoemmes2011systematic,
	title        = {A systematic review of propensity score methods in the social sciences},
	author       = {Thoemmes, Felix J and Kim, Eun Sook},
	year         = 2011,
	journal      = {Multivariate behavioral research},
	publisher    = {Taylor \& Francis},
	volume       = 46,
	number       = 1,
	pages        = {90--118}
}

@article{toepfer2015fine,
	title        = {Fine-grained information extraction from German transthoracic echocardiography reports},
	author       = {Toepfer, Martin and Corovic, Hamo and Fette, Georg and Kl{\"u}gl, Peter and St{\"o}rk, Stefan and Puppe, Frank},
	year         = 2015,
	journal      = {BMC medical informatics and decision making},
	publisher    = {Springer},
	volume       = 15,
	pages        = {1--16}
}

@article{tokuda2019clinical,
	title        = {Clinical significance of early recurrence of atrial fibrillation after cryoballoon vs. radiofrequency ablation--a propensity score matched analysis},
	author       = {Tokuda, Michifumi and Yamashita, Seigo and Matsuo, Seiichiro and Kato, Mika and Sato, Hidenori and Oseto, Hirotsuna and Okajima, Eri and Ikewaki, Hidetsugu and Yokoyama, Masaaki and Isogai, Ryota and others},
	year         = 2019,
	journal      = {PLoS One},
	publisher    = {Public Library of Science San Francisco, CA USA},
	volume       = 14,
	number       = 7,
	pages        = {e0219269}
}

@article{tousi2021comparison,
	title        = {Comparison of Nearest Neighbor and Caliper Algorithms in Outcome Propensity Score Matching to Study the Relationship between Type 2 Diabetes and Coronary Artery Disease},
	author       = {Tousi, Sara Sabbaghian and Tabesh, Hamed and Saki, Azadeh and Tagipour, Ali and Tajfard, Mohammad},
	year         = 2021,
	journal      = {Journal of Biostatistics and Epidemiology},
	volume       = 7,
	number       = 3,
	pages        = {251--262},
	doi          = {10.18502/jbe.v7i3.7297}
}

@article{vaid2022using,
	title        = {Using deep-learning algorithms to simultaneously identify right and left ventricular dysfunction from the electrocardiogram},
	author       = {Vaid, Akhil and Johnson, Kipp W and Badgeley, Marcus A and Somani, Sulaiman S and Bicak, Mesude and Landi, Isotta and Russak, Adam and Zhao, Shan and Levin, Matthew A and Freeman, Robert S and others},
	year         = 2022,
	journal      = {Cardiovascular Imaging},
	publisher    = {American College of Cardiology Foundation Washington DC},
	volume       = 15,
	number       = 3,
	pages        = {395--410},
	doi          = {10.1101/2021.03.31.21254696},
	elocation-id = {2021.03.31.21254696}
}

@book{van1987simulated,
	title        = {Simulated annealing},
	author       = {Van Laarhoven, Peter JM and Aarts, Emile HL and van Laarhoven, Peter JM and Aarts, Emile HL},
	year         = 1987,
	booktitle    = {Simulated annealing: Theory and applications},
	publisher    = {Springer},
	pages        = {7--15}
}

@article{vathy2020efficiency,
	title        = {The Efficiency of Different Distance Metrics for Keyword-Based Search in Medical Documents: {A} Short Case Study},
	author       = {Vathy-Fogarassy, {\'A}gnes and Szek{\'e}r, Szabolcs and Szol{\'a}r, Bal{\'a}zs and Fogarassy, Gy{\"o}rgy},
	year         = 2020,
	journal      = {Studies in Health Technology and Informatics},
	volume       = 271,
	pages        = {232--239},
	doi          = {10.3233/SHTI200101}
}

@article{viani2021natural,
	title        = {A natural language processing approach for identifying temporal disease onset information from mental healthcare text},
	author       = {Viani, Natalia and Botelle, Riley and Kerwin, Jack and Yin, Lucia and Patel, Rashmi and Stewart, Robert and Velupillai, Sumithra},
	year         = 2021,
	month        = {01},
	journal      = {Scientific Reports},
	publisher    = {Nature Publishing Group UK London},
	volume       = 11,
	number       = 1,
	pages        = 757,
	doi          = {10.1038/s41598-020-80457-0}
}

@article{wacholder1992selection,
	title        = {Selection of controls in case-control studies: I. Principles},
	author       = {Wacholder, Sholom and McLaughlin, Joseph K and Silverman, Debra T and Mandel, Jack S},
	year         = 1992,
	month        = {Jan},
	journal      = {American journal of epidemiology},
	publisher    = {Oxford University Press},
	volume       = 135,
	number       = 9,
	pages        = {1019--1028},
	doi          = {10.1093/oxfordjournals.aje.a116397}
}

@article{wacholder1992selection2,
	title        = {Selection of controls in case-control studies: II. Types of controls},
	author       = {Wacholder, Sholom and Silverman, Debra T and McLaughlin, Joseph K and Mandel, Jack S},
	year         = 1992,
	journal      = {American journal of epidemiology},
	publisher    = {Oxford University Press},
	volume       = 135,
	number       = 9,
	pages        = {1029--1041}
}

@article{wacholder1992selection3,
	title        = {Selection of controls in case-control studies: III. Design options},
	author       = {Wacholder, Sholom and Silverman, Debra T and McLaughlin, Joseph K and Mandel, Jack S},
	year         = 1992,
	journal      = {American journal of epidemiology},
	publisher    = {Oxford University Press},
	volume       = 135,
	number       = 9,
	pages        = {1042--1050}
}

@article{wan2019matched,
	title        = {Matched or unmatched analyses with propensity-score--matched data?},
	author       = {Wan, Fei},
	year         = 2019,
	journal      = {Statistics in medicine},
	publisher    = {Wiley Online Library},
	volume       = 38,
	number       = 2,
	pages        = {289--300}
}

@article{wang2013optimal,
	title        = {Optimal caliper width for propensity score matching of three treatment groups: a Monte Carlo study},
	author       = {Wang, Yongji and Cai, Hongwei and Li, Chanjuan and Jiang, Zhiwei and Wang, Ling and Song, Jiugang and Xia, Jielai},
	year         = 2013,
	month        = {Nov},
	journal      = {PloS one},
	publisher    = {Public Library of Science San Francisco, USA},
	volume       = 8,
	number       = 12,
	pages        = {e81045},
	doi          = {10.1371/journal.pone.0081045}
}

@article{wang2015high,
	title        = {A high-dimensional nonparametric multivariate test for mean vector},
	author       = {Wang, Lan and Peng, Bo and Li, Runze},
	year         = 2015,
	journal      = {Journal of the American Statistical Association},
	publisher    = {Taylor \& Francis},
	volume       = 110,
	number       = 512,
	pages        = {1658--1669},
	doi          = {10.1080/01621459.2014.988215}
}

@article{wang2020prediction,
	title        = {Prediction of breast cancer distant recurrence using natural language processing and knowledge-guided convolutional neural network},
	author       = {Wang, Hanyin and Li, Yikuan and Khan, Seema A and Luo, Yuan},
	year         = 2020,
	journal      = {Artificial intelligence in medicine},
	publisher    = {Elsevier},
	volume       = 110,
	pages        = 101977
}

@article{weegar2019recent,
	title        = {Recent advances in Swedish and Spanish medical entity recognition in clinical texts using deep neural approaches},
	author       = {Weegar, Rebecka and P{\'e}rez, Alicia and Casillas, Arantza and Oronoz, Maite},
	year         = 2019,
	journal      = {BMC medical informatics and decision making},
	publisher    = {BioMed Central},
	volume       = 19,
	number       = 7,
	pages        = {1--14}
}

@article{wells2014extraction,
	title        = {Extraction of echocardiographic data from the electronic medical record is a rapid and efficient method for study of cardiac structure and function},
	author       = {Wells, Quinn S and Farber-Eger, Eric and Crawford, Dana C},
	year         = 2014,
	month        = {09},
	journal      = {Journal of Clinical Bioinformatics},
	publisher    = {Springer},
	volume       = 4,
	pages        = {1--10},
	doi          = {10.1186/2043-9113-4-12}
}

@book{wright1995logistic,
	title        = {Logistic regression.},
	author       = {Wright, Raymond E},
	year         = 1995,
	publisher    = {American Psychological Association}
}

@article{wu2020attention,
	title        = {An attention-based multi-task model for named entity recognition and intent analysis of Chinese online medical questions},
	author       = {Wu, Chaochen and Luo, Guan and Guo, Chao and Ren, Yin and Zheng, Anni and Yang, Cheng},
	year         = 2020,
	journal      = {Journal of Biomedical Informatics},
	publisher    = {Elsevier},
	volume       = 108,
	pages        = 103511,
	doi          = {10.1016/j.jbi.2020.103511}
}

@article{xie2017extracting,
	title        = {Extracting and analyzing ejection fraction values from electronic echocardiography reports in a large health maintenance organization},
	author       = {Xie, Fagen and Zheng, Chengyi and Yuh-Jer Shen, Albert and Chen, Wansu},
	year         = 2017,
	journal      = {Health informatics journal},
	publisher    = {SAGE Publications Sage UK: London, England},
	volume       = 23,
	number       = 4,
	pages        = {319--328},
	doi          = {10.1177/1460458216651917}
}

@article{xu2020examining,
	title        = {Examining the relationship between 2-year college entry and baccalaureate aspirants' academic and labor market outcomes: Impacts, heterogeneity, and mechanisms},
	author       = {Xu, Di and Solanki, Sabrina and Harlow, Ashley},
	year         = 2020,
	journal      = {Research in Higher Education},
	publisher    = {Springer},
	volume       = 61,
	pages        = {297--329}
}

@article{yang2019information,
	title        = {Information extraction from electronic medical records using multitask recurrent neural network with contextual word embedding},
	author       = {Yang, Jianliang and Liu, Yuenan and Qian, Minghui and Guan, Chenghua and Yuan, Xiangfei},
	year         = 2019,
	journal      = {Applied Sciences},
	publisher    = {MDPI},
	volume       = 9,
	number       = 18,
	pages        = 3658,
	doi          = {10.3390/app9183658}
}

@article{ye2011cosine,
	title        = {Cosine similarity measures for intuitionistic fuzzy sets and their applications},
	author       = {Ye, Jun},
	year         = 2011,
	journal      = {Mathematical and computer modelling},
	publisher    = {Elsevier},
	volume       = 53,
	number       = {1-2},
	pages        = {91--97}
}

@article{zenebe2009representation,
	title        = {Representation, similarity measures and aggregation methods using fuzzy sets for content-based recommender systems},
	author       = {Zenebe, Azene and Norcio, Anthony F},
	year         = 2009,
	journal      = {Fuzzy sets and systems},
	publisher    = {Elsevier},
	volume       = 160,
	number       = 1,
	pages        = {76--94}
}

@article{zeng2023comparative,
	title        = {Comparative analysis of different grades of Tieguanyin oolong tea based on metabolomics and sensory evaluation},
	author       = {Zeng, Lin and Fu, Yan-Qing and Liu, Yu-Yi and Huang, Jin-Shui and Chen, Jian-Xin and Yin, Jun-Feng and Jin, Shan and Sun, Wei-Jiang and Xu, Yong-Quan},
	year         = 2023,
	journal      = {LWT},
	publisher    = {Elsevier},
	pages        = 114423
}

@article{zhang2021subgroup,
	title        = {Subgroup causal effect identification and estimation via matching tree},
	author       = {Zhang, Yuyang and Schnell, Patrick and Song, Chi and Huang, Bin and Lu, Bo},
	year         = 2021,
	journal      = {Computational Statistics \& Data Analysis},
	publisher    = {Elsevier},
	volume       = 159,
	pages        = 107188,
	doi          = {10.1016/j.csda.2021.107188}
}

@article{zhang2022medical,
	title        = {Medical named entity recognition based on dilated convolutional neural network},
	author       = {Zhang, Ruoyu and Zhao, Pengyu and Guo, Weiyu and Wang, Rongyao and Lu, Wenpeng},
	year         = 2022,
	journal      = {Cognitive Robotics},
	publisher    = {Elsevier},
	volume       = 2,
	pages        = {13--20}
}

@article{zhao2016propensity,
	title        = {Propensity score and proximity matching using random forest},
	author       = {Zhao, Peng and Su, Xiaogang and Ge, Tingting and Fan, Juanjuan},
	year         = 2016,
	journal      = {Contemporary clinical trials},
	publisher    = {Elsevier},
	volume       = 47,
	pages        = {85--92}
}

@incollection{zhu2021utilizing,
	title        = {Utilizing BERT for biomedical and clinical text mining},
	author       = {Zhu, Runjie and Tu, Xinhui and Huang, Jimmy Xiangji},
	year         = 2021,
	booktitle    = {Data Analytics in Biomedical Engineering and Healthcare},
	publisher    = {Elsevier},
	pages        = {73--103},
	doi          = {10.1016/B978-0-12-819314-3.00005-7}
}

@article{zschoch2011configurational,
	title        = {Configurational Comparative Methods: Qualitative Comparative Analysis (QCA) and Related Techniques, Benoit Rihoux and Charles Ragin, eds., Thousand Oaks CA: Sage Publications, 2009, pp. xxv, 209.},
	author       = {Zschoch, Mark A},
	year         = 2011,
	journal      = {Canadian Journal of Political Science/Revue canadienne de science politique},
	publisher    = {Cambridge University Press},
	volume       = 44,
	number       = 3,
	pages        = {743--746}
}
